% This file was created with JabRef 2.4.1.
% Encoding: Cp1252
@MISC{misc:DHT11_website,
  author = {{D-Robotics}},
  title = {{http://www.micropik.com/PDF/dht11.pdf}}
}

@MISC{misc:DHT11_code_website,
  author = {{SimKard}},
  title = {{http://playground.arduino.cc/Main/DHT11Lib}}
}

@MISC{misc:YL69_code_website,
  author = {{Rui Santos}},
  title = {https://randomnerdtutorials.com/guide-for-soil-moisture-sensor-yl-69-or-hl-69-with-the-arduino/}
}

@MISC{misc:YL69_tutorial_video,
  author = {{Tasmanian Devil}},
  title = {{https://www.youtube.com/watch?v=EjJW0\_VET8I}}
}

@MISC{misc:photoresistor_tutorial,
  author = {{Arduino Playground}},
  title = {{http://playground.arduino.cc/Learning/PhotoResistor}}
}

@MISC{misc:battery_voltage_measurement,
  author = {{Jeelabs.org}},
  title = {{http://jeelabs.org/2013/05/16/measuring-the-battery-without-draining-it/}}
}

@MISC{misc:atmega328_datasheet,
  author = {{atmel.com}},
  title = {{http://www.atmel.com/Images/Atmel-42735-8-bit-AVR-Microcontroller-ATmega328-328P_Datasheet.pdf}}
}
